@book{key2018language,
  title={Language between God and the Poets},
  author={Key, Alexander},
  year={2018},
  publisher={University of California Press}
}
@book{leaman2013moses,
  title={Moses Maimonides},
  author={Leaman, Oliver},
  year={2013},
  publisher={Routledge}
}
